@article{questionsTanton,
    author    = "James Tanton",
    title     = "A Dozen Questions about Triangular Numbers",
    journal   = "Math Horizons",
    volume   = "13",
    year      = "2005",
    month    = "November"
}